@inproceedings{lagae2009procedural,
  title={Procedural noise using sparse Gabor convolution},
  author={Lagae, Ares and Lefebvre, Sylvain and Drettakis, George and Dutr{\'e}, Philip},
  booktitle={ACM Transactions on Graphics (TOG)},
  volume={28},
  number={3},
  pages={54},
  year={2009},
  organization={ACM}
}

@article{lagae2011improving,
  title={Improving gabor noise},
  author={Lagae, Ares and Lefebvre, Sylvain and Dutr{\'e}, Philip},
  journal={IEEE Transactions on Visualization and Computer Graphics},
  volume={17},
  number={8},
  pages={1096--1107},
  year={2011},
  publisher={IEEE}
}

@book{press1996numerical,
  title={Numerical recipes in C},
  author={Press, William H and Teukolsky, Saul A and Vetterling, William T and Flannery, Brian P},
  volume={2},
  year={1996},
  publisher={Cambridge university press Cambridge}
}